@article{DBLP:journals/corr/abs-1303-4803,
  author    = {Xi Li and
               Weiming Hu and
               Chunhua Shen and
               Zhongfei Zhang and
               Anthony R. Dick and
               Anton van den Hengel},
  title     = {A Survey of Appearance Models in Visual Object Tracking},
  journal   = {CoRR},
  volume    = {abs/1303.4803},
  year      = {2013},
  url       = {http://arxiv.org/abs/1303.4803},
  timestamp = {Mon, 08 Apr 2013 13:28:28 +0200},
  biburl    = {http://dblp.uni-trier.de/rec/bib/journals/corr/abs-1303-4803},
  bibsource = {dblp computer science bibliography, http://dblp.org}
}
@INPROCEEDINGS{6247882,
author={W. Zhong and H. Lu and M. H. Yang},
booktitle={2012 IEEE Conference on Computer Vision and Pattern Recognition},
title={Robust object tracking via sparsity-based collaborative model},
year={2012},
pages={1838-1845},
keywords={computer graphics;image classification;object tracking;S-DC module;SGM module;drastic appearance change;drift problem;histogram-based method;holistic templates;local representations;occlusion handing scheme;robust appearance model;robust object tracking algorithm;sparsity-based collaborative model;sparsity-based discriminative classifier;sparsity-based generative model;update scheme;Adaptation models;Collaboration;Histograms;Image reconstruction;Robustness;Target tracking;Vectors},
doi={10.1109/CVPR.2012.6247882},
ISSN={1063-6919},
month={June},}
